<record><leader>00000cas a22000007a 4500</leader><controlfield tag="001">11801813</controlfield><controlfield tag="008">850313d18551856wiuwr ne      0    0eng d</controlfield><datafield ind1=" " ind2=" " tag="010"><subfield code="a">sn 85040307 </subfield></datafield><datafield ind1=" " ind2=" " tag="040"><subfield code="a">NPV</subfield><subfield code="b">eng</subfield><subfield code="c">NPV</subfield><subfield code="d">OCLCQ</subfield></datafield><datafield ind1=" " ind2=" " tag="042"><subfield code="a">msc</subfield></datafield><datafield ind1=" " ind2=" " tag="043"><subfield code="a">n-us-wi</subfield></datafield><datafield ind1=" " ind2=" " tag="045"><subfield code="a">w5w5</subfield></datafield><datafield ind1=" " ind2=" " tag="052"><subfield code="a">4123</subfield><subfield code="b">K4</subfield></datafield><datafield ind1="0" ind2="0" tag="245"><subfield code="a">Tribune and telegraph.</subfield></datafield><datafield ind1=" " ind2=" " tag="260"><subfield code="a">Kenosha, Wis. :</subfield><subfield code="b">Sholes, Schoff &amp; Butts,</subfield><subfield code="c">1855-1856.</subfield></datafield><datafield ind1=" " ind2=" " tag="300"><subfield code="a">2 v.</subfield></datafield><datafield ind1=" " ind2=" " tag="310"><subfield code="a">Weekly</subfield></datafield><datafield ind1="0" ind2=" " tag="362"><subfield code="a">Vol. 16, no. 3 (July 5, 1855)-v. 17, no. 15 (Sept. 25, 1856).</subfield></datafield><datafield ind1=" " ind2=" " tag="500"><subfield code="a">Editor: Sholes, Schoff &amp; Butts.</subfield></datafield><datafield ind1=" " ind2=" " tag="530"><subfield code="a">Available on microfilm from The State Historical Society of Wisconsin.</subfield></datafield><datafield ind1=" " ind2=" " tag="752"><subfield code="a">United States</subfield><subfield code="b">Wisconsin</subfield><subfield code="c">Kenosha</subfield><subfield code="d">Kenosha.</subfield></datafield><datafield ind1="0" ind2="0" tag="780"><subfield code="t">Kenosha tribune and telegraph (Kenosha, Wis. : 1855)</subfield><subfield code="w">(DLC)sn 85040306</subfield></datafield><datafield ind1="0" ind2="0" tag="785"><subfield code="t">Kenosha tribune &amp; telegraph (Kenosha, Wis. : 1856)</subfield><subfield code="w">(DLC)sn 85040308</subfield></datafield><datafield ind1="1" ind2=" " tag="029"><subfield code="a">AU@</subfield><subfield code="b">000025799250</subfield></datafield></record>